%%% True references
@inproceedings{kaiser2009parallex,
  title={Parallex an advanced parallel execution model for scaling-impaired applications},
  author={Kaiser, Hartmut and Brodowicz, Maciek and Sterling, Thomas},
  booktitle={Parallel Processing Workshops, 2009. ICPPW'09. International Conference on},
  pages={394--401},
  year={2009},
  organization={IEEE}
}

@inproceedings{kaiser2014hpx,
  title={Hpx: A task based programming model in a global address space},
  author={Kaiser, Hartmut and Heller, Thomas and Adelstein-Lelbach, Bryce and Serio, Adrian and Fey, Dietmar},
  booktitle={Proceedings of the 8th International Conference on Partitioned Global Address Space Programming Models},
  pages={6},
  year={2014},
  organization={ACM}
}

@article{heller2017hpx,
  title={HPX--An open source C++ Standard Library for Parallelism and Concurrency},
  author={Heller, Thomas and Diehl, Patrick and Byerly, Zachary and Biddiscombe, John and Kaiser, Hartmut},
  year={2017}
}

@incollection{cheatham1996bulk,
  title={Bulk synchronous parallel computing - A paradigm for transportable software},
  author={Cheatham, Thomas and Fahmy, Amr and Stefanescu, Dan and Valiant, Leslie},
  booktitle={Tools and Environments for Parallel and Distributed Systems},
  pages={61--76},
  year={1996},
  publisher={Springer}
}

@book{grubel2016dynamic,
  title={Dynamic adaptation in hpx-a task-based parallel runtime system},
  author={Grubel, Patricia A},
  year={2016},
  publisher={New Mexico State University}
}

%eof
